@STRING{Springer = "Springer International Publishing"}
@STRING{LNCS = "Lecture Notes in Computer Science"}
@STRING{IEEE = "IEEE"}

@book{deb01,
	author = {C. de Boor},
	title = {A Practical Guide to Splines},
	publisher = {Springer-Verlag},
	address = {New York},
	year = {2001},
}
