%% Chapter-1
@misc{pyprop,
	author = {Tore Birkeland and Raymond Nepstad},
	title = {PyProp},
	howpublished = {\url{http://pyprop.googlecode.com}},
}
